<?xml version="1.0" encoding="UTF-8"?><collection xmlns="http://www.loc.gov/MARC21/slim"><record><leader>00680nam--2200193-i-4500</leader><controlfield tag="001">000001417</controlfield><controlfield tag="002">20161230</controlfield><controlfield tag="005">20161230201024</controlfield><controlfield tag="008">060222s1000------------r-----000-0-eng-d</controlfield><datafield ind1=" " ind2=" " tag="040"><subfield code="a">IFIN-HH</subfield></datafield><datafield ind1=" " ind2=" " tag="080"><subfield code="a">538.3(061.3)</subfield></datafield><datafield ind1="1" ind2=" " tag="100"><subfield code="a">Escaig, Bertrand /S.A.</subfield></datafield><datafield ind1="1" ind2="0" tag="245"><subfield code="a">Plastic deformation of amorphous and semi-crystalline materils</subfield><subfield code="b">Lectures given at an international spring school les hoches, france, 19-29 april 1982</subfield><subfield code="c">Bertrand escaig, christian g'sell (eds.)</subfield></datafield><datafield ind1=" " ind2=" " tag="260"><subfield code="a">Les Ulis Cedex, France</subfield><subfield code="b">Les Editions De Physique</subfield><subfield code="c">1982</subfield></datafield><datafield ind1=" " ind2=" " tag="300"><subfield code="a">XII + 405 P</subfield></datafield><datafield ind1=" " ind2=" " tag="490"><subfield code="a">Les Hoches</subfield></datafield><datafield ind1="1" ind2=" " tag="700"><subfield code="a">G'Sell, Christian</subfield><subfield code="e">Ed</subfield></datafield><datafield ind1=" " ind2=" " tag="852"><subfield code="a">73863</subfield><subfield code="c">539.3</subfield></datafield><datafield ind1=" " ind2=" " tag="CAT"><subfield code="a">Sys</subfield><subfield code="c">20130122</subfield><subfield code="h">161443</subfield></datafield></record></collection>